------------------------------ Introduction ------------------------------
@article{Standfor,
    author    = {Jake Askeland and
                 Jan Becker},
    title     = {Towards fully autonomous driving: Systems and algorithms},
    journal   = {IEEE Intelligent Vehicles Symposium (IV)},
}

@inproceedings{AnnieWay,
    author    = {Christoph Stiller and
                 Julius Ziegler},
    title     = {3D perception and planning for self-driving and cooperative automobiles},
    booktitle   = {International Multi-Conference on Systems, Signals \& Devices},
    address    = {Chemnitz},
    year      = {2012},
    pages     = {1--7},
}

@article{Googleself,
    author    = {Enrico Guizzo},
    title     = {How Google's Self-Driving Car Works},
    journal   = {IEEE Spectrum Online},
}

@inproceedings{PotentialAttackOnAV,
    author    = {Jonathan Petit and
                Steven E. Shladover},
    title     = {Potential Cyberattacks on Automated Vehicles},
    booktitle   = {IEEE Transactions on Intelligent Transportation Systems},
    year      = {April 2015},
    pages     = {546-556, vol. 16, n. 2},
}

@article{OvComSyst,
    author    = {Imad Jawhar and
                 Nader Mohamed and
                 Hafsa Wsmani},
    title     = {An Overview of Inter-Vehicular Communication Systems, Protocols and Middleware},
    journal   = {JOURNAL OF NETWORKS, VOL. 8, NO. 12, DECEMBER 2013},
    volume    = {10.4304/jnw.8.12.2749-2761},
}

@inproceedings{RevAttModForSmVeh,
    author    = {Jonathan Petit and
                Michael Feiri and
                Frank Kargl},
    title     = {Revisiting attacker model for smart vehicles},
    booktitle   = {IEEE 6th International Symposium on Wireless Vehicular Communications (WiVeC 2014)},
    address    = {Vancouver, BC},
    year      = {2014},
    pages     = {1--5},
}

@inproceedings{ABluForCivGPSNavMesAut,
    author    = {Andrew J. Kerns and
                Kyle D. Wesson and 
                Todd E. Humphreys},
    title     = {A blueprint for civil GPS navigation message authentication},
    booktitle   = { 2014 IEEE/ION Position, Location and Navigation Symposium - PLANS 2014},
    address    = {Monterey, CA},
    year      = {2014},
    pages     = {262--269},
}

@inproceedings{ASurOnVarCybAttAndTheCla,
    author    = {M. Uma and
                Padmavathi Ganapathi},
    title     = {A survey on various cyber attacks and their classification},
    booktitle   = {International Journal of Network Security},
    year      = {Jenuary 2013},
    pages     = {390--396},
}

@article{NHTSA,
    author    = {NHTSA},
    title     = {Automated Vehicles for Safety},
    journal   = { \url{www.nhtsa.gov/technology-innovation/automated-vehicles-safety}},
}

@inproceedings{ASurOnVarCybAttExpAndVul,
    author    = {Dinesh kumar Amara and
                Naga Renu Chebrolu and
                Vinayakumar R and
                Soman Kp},
    title     = {A Brief Survey on Autonomous Vehicle Possible Attacks, Exploits and Vulnerabilities},
    booktitle   = {International Journal of Network Security},
    year      = {2018/10/03},
}

@inproceedings{AStuOfGPSJamAndAnt,
    author    = {Hui Hu and
                Na Wei},
    title     = {A study of GPS jamming and anti-jamming},
    booktitle   = {2009 2nd International Conference on Power Electronics and Intelligent Transportation System (PEITS)},
    address    = {Shenzhen},
    year      = {2009},
    pages     = {388-391},
}

@inproceedings{InpAndDetOfGPSSpoAndCou,
    author    = {Mukhtar Ahmad and
                Muhammad Usman Akhtar},
    title     = {Impact and Detection of GPS Spoofing and Countermeasures against Spoofing},
    booktitle   = {2nd International Conference on Computing, Mathematics and Engineering Technologies – iCoMET 2019, At IBA University Sukkur},
}

@inproceedings{CybThrFacAutAndConVehFutCha,
    author    = {Simon Parkinson and
                Paul Ward and
                Kyle Wilson and
                Jonathan Miller},
    title     = {Cyber Threats Facing Autonomous and Connected Vehicles: Future Challenges},
    booktitle   = { IEEE Transactions on Intelligent Transportation Systems},
    pages     = {2898-2915, vol. 18, no. 11},
    year      = {Nov. 2017},
}

@inproceedings{ReaTimGPSSpoDetViaCorOfEncSig,
    author    = {Brady W. O'Hanlon and
                Mark Psiaki and
                Jahshan A Bhatti and
                Daniel P. Shepard and
                Todd E. Humphreys},
    title     = {Real-Time GPS Spoofing Detection via Correlation of Encrypted Signals},
    booktitle   = {Navigation - Journal of The Institute of Navigation 60(4)},
    year      = {December 2013},
}

@inproceedings{AComAntAndAntAlgForGPSArr,
    author    = {Qiong Yang and
                Yi Zhang and
                Chengkai Tang and
                Jie Lian},
    title     = {A Combined Antijamming and Antispoofing Algorithm for GPS Arrays},
    booktitle   = {International Journal of Antennas and Propagation},
    pages     = {1-9},
    year      = {April 2019},
}

@inproceedings{LidTecOv,
    author    = {Amar Nayegandhi},
    title     = {Lidar Technology Overview},
    booktitle   = {US Geological Survey, St. Petersburg Coastal and Marine Science Center},
    pages     = {1-9},
    year      = {April 2019},
    address   = {St. Petersburg, FL 33701}
}

@inproceedings{RemAttOnAutVehSenExpOnCamAndLid,
    author    = {Jonathan Petit and
                Bas Stottelaar and
                Michael Feirii},
    title     = {Remote Attacks on Automated Vehicles Sensors : Experiments on Camera and LiDAR},
    booktitle   = {Black Hat Europe},
    year      = {2015},
}

@inproceedings{AdvSenAttOnLidPerInAutDri,
    author    = {Yulong Cao and
                Chaowei Xiao and 
                Benjamin Cyr and
                Yimeng Zhou and
                Won Park and
                Sara Rampazzi and
                Qi Alfred Chen and
                Kevin Fu and
                Z. Morley Mao},
    title     = {Adversarial Sensor Attack on LiDAR-based Perception in Autonomous Driving},
    year      = {July 2019},
}

@inproceedings{LidDatIntVerForAutVeh,
    author    = {Raghu Changalvala and
                Hafiz Malik},
    title     = {LiDAR Data Integrity Verification for Autonomous Vehicle},
    booktitle   = {IEEE Access},
    pages = {138018-138031, vol. 7},
    year      = {2019},
}

@inproceedings{AStuOfLidDatFor,
    author    = {Kanchan Bahirat and Balakrishnan Prabhakaran},
    title     = {A study on lidar data forensics},
    booktitle   = {2017 IEEE International Conference on Multimedia and Expo (ICME)},
    address = { Hong Kong},
    year      = {2017},
    pages = {679-684},
}

@inproceedings{LanDetWitMovVehInTheTraSce,
    author    = {Hsu-Yung Cheng and Bor-Shenn Jeng and Pei-Ting Tseng and Kuo-Chin Fan},
    title     = {Lane Detection With Moving Vehicles in the Traffic Scenes},
    booktitle   = {IEEE Transactions on Intelligent Transportation Systems},
    year      = {Dec. 2006},
    pages = {571-582, vol. 7, no. 4},
}

@inproceedings{ASysForTraSigDetTraAndRecUsiColShaAndMotInf,
    author    = {C. Bahlmann and Y. Zhu and Visvanathan Ramesh and M. Pellkofer and T. Koehler},
    title     = {A system for traffic sign detection, tracking, and recognition using color, shape, and motion information},
    booktitle   = {IEEE Proceedings. Intelligent Vehicles Symposium, 2005.},
    address = {Las Vegas, NV, USA},
    year      = {2005},
    pages = {255-260},
}

@inproceedings{EnhLigBloDetForIntHeaConUsiLanDet,
    author    = {Sungmin Eum and Ho Gi Jung},
    title     = {Enhancing Light Blob Detection for Intelligent Headlight Control Using Lane Detection},
    booktitle   = {IEEE Transactions on Intelligent Transportation Systems},
    pages = {255-260, vol. 14, no. 2},
    year      = {June 2013},
}

@article{HidObsForGooSelCar,
    author    = {Lee Gomes},
    title     = {Hidden Obstacles for Google’s Self-Driving Cars},
    journal   = { \url{www.technologyreview.com/s/530276/hidden-obstacles-for-googles-self-driving-cars/}},
}

@inproceedings{ExpSecAnaOfModAuto,
    author    = {Karl Koscher and Alexei Czeskis and Franziska Roesner and Shwetak Patel and Tadayoshi Kohno and Stephen Checkoway and Damon McCoy and Brian Kantor and Danny Anderson and Hovav Shacham and Stefan Savage},
    title     = {Experimental Security Analysis of a Modern Automobile,},
    booktitle   = {I2010 IEEE Symposium on Security and Privacy},
    address ={Berkeley/Oakland, CA},
    year      = {2010},
    pages = {447-462},
}

@inproceedings{AStuofSybAndTamAttInVehAdhNEtTypChaAndImp,
    author    = {Deepika Shrivastava and Ankur Pandey},
    title     = {A Study of Sybil and Temporal Attacks in Vehicular Ad-Hoc Networks: Types, Challenges, and Impacts},
    booktitle   = {International Journal of Computer Applications Technology and Research},
    pages = {284 - 291, Volume 3 - Issue 5},
}

@inproceedings{ARobDetOfTheSybAttInUrbVan,
    author    = {Chen Chen and Xin Wang and Weili Han and Binyu Zang},
    title     = {A Robust Detection of the Sybil Attack in Urban VANETs},
    booktitle   = {2009 29th IEEE International Conference on Distributed Computing Systems Workshops},
    address = {Montreal, QC},
    year = {2009},
    pages = {270-276},
}

@inproceedings{CooSybAttDetForPosBasAppInPriPreVan,
    author    = {Yong Hao and Jin Tang and Yu Cheng},
    title     = {Cooperative Sybil Attack Detection for Position Based Applications in Privacy Preserved VANETs},
    booktitle   = { 2011 IEEE Global Telecommunications Conference - GLOBECOM 2011},
    address = {Houston, TX, USA},
    year = {2011},
    pages = {1-5},
}

@inproceedings{P2DAP,
    author    = {Tong Zhou and Romit Roy Choudhury and Peng Ning and Krishnendu Chakrabarty},
    title     = {P2DAP — Sybil Attacks Detection in Vehicular Ad Hoc Networks},
    booktitle   = {IEEE Journal on Selected Areas in Communications},
    pages = {582-594, vol. 29, no. 3},
    year = {March 2011},
}

@inproceedings{APriPreSolForTheProAgaSybAttInVehAdhNet,
    author    = {Bayrem Triki and Slim Rekhis and Mhamed Chammem and Noureddine Boudriga},
    title     = {A privacy preserving solution for the protection against sybil attacks in vehicular ad hoc networks},
    booktitle   = {6th Joint IFIP Wireless and Mobile Networking Conference (WMNC)},
    address = {Dubai},
    year = {2013},
    pages = {1-8},
}

@inproceedings{SybAttDetINVanUsiNeiVeh,
    author    = {Jyoti Grover and Vijay Laxmi and Manoj Singh Gaur},
    title     = {Sybil attack detection in VANET using neighbouring vehicles},
    year = {Jenuary 2014},
}

@inproceedings{ABAKA,
    author    = {Jiun-Long Huang and Lo-Yao Yeh and Hung-Yu Chien},
    title     = {ABAKA: An Anonymous Batch Authenticated and Key Agreement Scheme for Value-Added Services in Vehicular Ad Hoc Networks},
    booktitle   = {IEEE Transactions on Vehicular Technology},
    year = {Jan. 2011},
    pages = {248-262, vol. 60, no. 1},
}

@inproceedings{ADisKeyManFraWitCooMesAutInVAN,
    author    = {Yong Hao and Yu Cheng and Chi Zhou and Wei Song},
    title     = {A Distributed Key Management Framework with Cooperative Message Authentication in VANETs},
    booktitle   = {IEEE Journal on Selected Areas in Communications},
    pages = {616-629, vol. 29, no. 3},
    year = {March 2011},
}

@inproceedings{IdeOfMalVehInVanEnvFroDdoAtt,
    author    = {Ayonija Pathre and Chetan Agrawal and Anurag Jain},
    title     = {Identification of malicious vehicle in vanet environment from ddos attack},
    booktitle   = {Journal of Global Research in Computer Science},
    pages = {1-5, Volume 4, No. 6},
    year = {June 2013},
}

@inproceedings{ANovDefSchAgaDdoAttInVan,
    author    = {Ayonija Pathre and Chetan Agrawal and Anurag Jain},
    title     = {A novel defense scheme against DDOS attack in VANET},
    booktitle   = {2013 Tenth International Conference on Wireless and Optical Communications Networks (WOCN)},
    address = {Bhopal},
    year = {2013},
    pages = {1-5},
}

@inproceedings{SecAttWitAnEffSolForDosAttInVan,
    author    = {Adil Mudasir Malla and Ravi Kant Sahu},
    title     = {Security Attacks with an Effective Solution for DOS Attacks in VANET},
    booktitle   = {International Journal of Computer Applications },
    year = {April 2013},
}

@inproceedings{MitDosAttAgaSigAutInVan,
    author    = {Li He and Wen Tao Zhu},
    title     = {Mitigating DoS attacks against signature-based authentication in VANETs},
    booktitle   = {2012 IEEE International Conference on Computer Science and Automation Engineering (CSAE)},
    address = {Zhangjiajie},
    year = {2012},
    pages = {261-265},
}

@inproceedings{PreofDosAttInVan,
    author    = {Karan Verma and Halabi Hasbullah and Ashok Kumar},
    title     = {Prevention of DoS attacks in VANET},
    booktitle   = {Wireless Personal Communications},
    year = {November 2013},
}

@inproceedings{SecOfSelNetMANWSNWMNVAN,
    author    = {Al-Sakib Khan Pathan},
    title     = {Prevention of DoS attacks in VANET},
    booktitle   = {ISBN 9780367383527},
    year = {September 23, 2019},
}

@inproceedings{ANovAprForAvoWorAttInVan,
    author    = {Seyed Mohammad Safi and Ali Movaghar and Misagh Mohammadizadeh},
    title     = {A novel approach for avoiding wormhole attacks in VANET},
    booktitle   = {2009 First Asian Himalayas International Conference on Internet},
    address = {Kathmandu},
    year = {2009},
    pages = {1-6},
}

@inproceedings{SPECS,
    author    = {Tat Wing Chim and Sm Yiu and Lucas C. K. Hui and Victor O. K. Li},
    title     = {SPECS: Secure and privacy enhancing communications schemes for VANETs},
    booktitle   = {Ad Hoc Networks},
    year = {2011},
}

@inproceedings{AnEffIdeBatVerSchForVehhSenNet,
    author    = {C. Zhang and R. Lu and X. Lin and P.H. Ho and X. Shen},
    title     = {An Efficient Identity-Based Batch Verification Scheme for Vehicular Sensor Networks},
    booktitle   = {IEEE INFOCOM 2008 - The 27th Conference on Computer Communications},
    address = {Phoenix, AZ},
    year = {2008},
    pages = {246-250},
}

@inproceedings{SecVulOfConVehStrAndTheImpOnCooDri,
    author    = {Mani Amoozadeh and Arun Raghuramu and Chen-nee Chuah and Dipak Ghosal and H. Michael Zhang and Jeff Rowe and Karl Levitt},
    title     = {Security vulnerabilities of connected vehicle streams and their impact on cooperative driving},
    booktitle   = {IEEE Communications Magazine},
    year = {June 2015},
    pages = {126-132, vol. 53, no. 6},
}

@inproceedings{VanAleEndUsiMulFil,
    author    = {Tiffany Kim and Ahren Studer and Rituik Dubey},
    title     = {VANET alert endorsement using multi-source filters},
    booktitle   = {Proceedings of the Seventh International Workshop on Vehicular Ad Hoc Networks, VANET 2010},
    address = {Chicago, IL, USA},
    year = {September 24, 2010},
}

@inproceedings{GSIS,
    author    = {Xiaodong Lin and Xiaoting Sun and Pin-Han Ho and Xuemin Shen},
    title     = {GSIS: A Secure and Privacy-Preserving Protocol for Vehicular Communications},
    booktitle   = {IEEE Transactions on Vehicular Technology},
    pages = {3442-3456, vol. 56, no. 6},
    year = {November 2007},
}

@inproceedings{ArcForSecAndPriVehCom,
    author    = {P. Papadimitratos and L. Buttyan and J-P. Hubaux and F. Kargl and A. Kung and M. Raya},
    title     = {Architecture for Secure and Private Vehicular Communications},
    booktitle   = {2007 7th International Conference on ITS Telecommunications},
    address = {Sophia Antipolis},
    year = {November 2007},
    pages = {1-6},
}

@inproceedings{P2VAndV2PCom,
    author    = {Ahmed Hussein and Fernando García and José María Armingol and Cristina Olaverri-Monreal},
    title     = {P2V and V2P communication for Pedestrian warning on the basis of Autonomous Vehicles},
    booktitle   = {2016 IEEE 19th International Conference on Intelligent Transportation Systems (ITSC)},
    address = {Rio de Janeiro},
    year = {2017},
    pages = {2034-2039},
}

@inproceedings{ConACarThrOBDInj,
    author    = {Yu Zhang and Binbin Ge and Xiang Li and Bin Shi and Bo Li},
    title     = {Controlling a Car Through OBD Injection},
    booktitle   = {2016 IEEE 3rd International Conference on Cyber Security and Cloud Computing (CSCloud)},
    address = {Beijing},
    year = {2016},
    pages = {26-29},
}

@inproceedings{ATwoSurOnSecChaInAutThrLan,
    author    = {Wei Yan},
    title     = {A two-year survey on security challenges in automotive threat landscape},
    booktitle   = {2015 International Conference on Connected Vehicles and Expo (ICCVE)},
    address = {Shenzhen},
    year = {2015},
    pages = {185-189},
}

@inproceedings{SecVulAndProOfVehOnbDia,
    author    = {Aastha Yadav and Gaurav Bose and Radhika Bhange and Karan Kapoor},
    title     = {Security, Vulnerability and Protection of Vehicular On-board Diagnostics},
    booktitle   = {International Journal of Security and its Applications},
    year = {2016},
    pages = {405-422},
}
@inproceedings{ConForInvOfCybAttOnAutInvNet,
    author    = {Dennis Kengo Oka and Ulf E. Larson},
    title     = {Conducting Forensic Investigations of Cyber Attacks on Automobile In-Vehicle Networks},
    booktitle   = {e-Forensics '08 Proceedings of the 1st international conference on Forensic applications and techniques in telecommunications, information, and multimedia and workshop},
    year = {2008},
}

@inproceedings{BBC,
    author    = {Chris Vallance},
    title     = {Car hack uses digital-radio broadcasts to seize control},
    booktitle   = {\url{www.bbc.com/news/technology-33622298}},
    year = {22 July 2015},
}

@inproceedings{ComExpAnaOfAutAttSur,
    author    = {Stephen Checkoway and Damon  McCoy and Brian Kantor and Danny Anderson and Hovav Shacham and Stefan Savage and Karl Koscher and Alexei Czeskis and Franziska Roesner and Tadayoshi Kohno},
    title     = {Comprehensive experimental analyses of automotive attack surfaces},
    booktitle   = {Proceedings of the 20th USENIX conference on Security},
    year = {2011},
}

@inproceedings{IntProOfNeuNet,
    author    = {Christian Szegedy and Wojciech Zaremba and Ilya Sutskever and Joan Bruna and Dumitru Erhan and Ian Goodfellow and Rob Fergus},
    title     = {Intriguing properties of neural networks},
    booktitle   = {International Conference on Learning Representations},
    year = {2014},
}

@inproceedings{ExpAndHarAdvExa,
    author    = {Ian Goodfellow and Jonathon Shlens and Christian Szegedy},
    title     = {Explaining and Harnessing Adversarial Examples},
    booktitle   = {arXiv preprint arXiv:1412.6572},
    year = {December 2014},
}

@inproceedings{AdvExaInThePhyWor,
    author    = {Alexey Kurakin andIan Goodfellow and Samy Bengio},
    title     = {Adversarial examples in the physical world},
    booktitle   = {Artificial Intelligence Safety and Security},
    pages = {99–112},
}

@inproceedings{ARotAndATraSufFooCnnWitSmTra,
    author    = {Logan Engstrom and Dimitris Tsipras and Ludwig Schmidt and Aleksander Madry},
    title     = {A Rotation and a Translation Suffice: Fooling CNNs with Simple Transformations},
    booktitle   = {ICLR 2019 Conference Blind Submission},
    year = {December 2018},
}

@inproceedings{TowPraVerOfMacLeaTheCasOfComVisSys,
    author    = {Kexin Pei and Yinzhi Cao and Junfeng Yang and Suman Jana},
    title     = {Towards Practical Verification of Machine Learning: The Case of Computer Vision Systems},
    booktitle   = {arXiv preprint arXiv:1712.01785 [cs.CR]},
    year = {16 December 2017},
}

@inproceedings{Trojan,
    author    = {Yingqi Liu and Shiqing Ma and Yousra Aafer and Wen-Chuan Lee},
    title     = {Trojaning Attack on Neural Networks},
    booktitle   = {Network and Distributed System Security Symposium},
    year = {January 2018},
}

@inproceedings{TheLimOfDeeLeaInAdvSet,
    author    = {Nicolas Papernot and Patrick McDaniel and Somesh Jha and Matt Fredrikson},
    title     = {The Limitations of Deep Learning in Adversarial Settings},
    booktitle   = {1st IEEE European Symposium on Security \& Privacy, IEEE 2016},
    address = {Saarbrucken, Germany},
}

@inproceedings{PraBlaAttAgaMacLea,
    author    = {Nicolas Papernot and Patrick McDaniel and Ian Goodfellow and Somesh Jha and Z. Berkay Celik and Ananthram Swami},
    title     = {Practical Black-Box Attacks against Machine Learning},
    booktitle   = {Proceedings of the 2017 ACM Asia Conference on Computer and Communications Security},
    address = {Abu Dhabi, UAE},
}

@inproceedings{TowEvaTheRobOfNeuNet,
    author    = {Nicholas Carlini and David Wagner},
    title     = {Towards Evaluating the Robustness of Neural Networks},
    booktitle   = {2017 IEEE Symposium on Security and Privacy (SP)},
    pages = {39–57}
}

@inproceedings{AdvExaAreNotEasDetBypTenDetMet,
    author    = {Nicholas Carlini and David Wagner},
    title     = {Adversarial Examples Are Not Easily Detected: Bypassing Ten Detection Methods},
    booktitle   = {Proceedings of the 10th ACM Workshop on Artificial Intelligence and Security},
    address = {3-14},
}

@inproceedings{AdvPat,
    author    = {Tom B Brown and  Dandelion Mané and Aurko Roy and Martı́n Abad, and Justin Gilmer},
    title     = {Adversarial patch},
    booktitle   = {31st Conference on Neural Information Processing Systems (NIPS 2017)},
}

@inproceedings{Pixel,
    author    = {Jiawei Su and Danilo Vasconcellos Vargas and Sakurai Kouichir},
    title     = {One pixel attack for fooling deep neural networks},
    booktitle   = {IEEE Transactions on Evolutionary Computation},
    pages = {828-841, Vol.23 , Issue 5}
}